@MISC{aqn,
    author = {Microsoft},
    TITLE = {Type.Assembly Qualified Name Property},
    YEAR = ".NET Framework 4.5",
    NOTE = "\url{http://msdn.microsoft.com/en-us/library/system.type.assemblyqualifiedname.aspx}"
}

@MANUAL{DaikonUserManual:Online,
	KEY          = "DaikonUserManual",
	TITLE        = "The Daikon Invariant Detector User Manual",
	MONTH        = "September",
	YEAR         = "2010",
	NOTE         = "\url{http://plse.cs.washington.edu/daikon/download/doc/daikon.html}"
}

@MANUAL{DaikonDeveloperManual:Online,
	KEY          = "DaikonDeveloperManual",
	TITLE        = "The Daikon Invariant Detector Developer Manual",
	MONTH        = "September",
	YEAR         = "2010",
	NOTE         = "\url{http://plse.cs.washington.edu/daikon/download/doc/developer.html}"
}

@MISC{CCI,
    author = "Microsoft Research",
    note = {\url{https://ccimetadata.codeplex.com/}}
}

@MISC{Mikunov:2003:Online,
author = {Aleksandr Mikunov},
title = {Rewrite MSIL Code on the Fly with the .NET Framework Profiling API},
month = {September},
year = {2003},
note = {\url{http://msdn.microsoft.com/en-us/magazine/cc188743.aspx}}
}

@MISC{ProfilerApiReference:Online,
KEY          = "ProfilerApiReference",
title = {Profiling (Unmanaged API Reference)},
month = {September},
year = {2010},
note = {\url{http://msdn.microsoft.com/en-us/library/ms404386.aspx}}
}
